@article{lewandowski2005analysis,
  title={Analysis of strongly non-linear free vibrations of beams using perturbation method},
  author={Lewandowski, Roman},
  journal={Civil and Environmental Engineering Reports},
  pages={153--168},
  year={2005}
}
@book{szemplinska1990behaviour,
  title={The Behaviour of Nonlinear Vibrating Systems: Volume II: Advanced Concepts and Applications to Multi-Degree-of-Freedom Systems},
  author={Szemplinska, Wanda},
  volume={12},
  year={1990},
  publisher={Springer Science \& Business Media}
}